%% [1] Cloud Computing and Grid Computing 360-Degree Compared
%% [2] A Taxonomy and Survey of Cloud Computing Systems
%% [3] BioNimbus: uma arquitetura de federação de nuvens computacionais híbrida para a execução de workflows de Bioinformática
%% [4] Scientific Process Automation and Workflow Management
%% [5] A Break In The Clouds: Towards a Cloud Definition
%% [6] Distributed Systems and Recent Innovations: Challenges and Benefits
%% [9] Consistent Global States of Distributed Systems: Fundamental Concepts and Mechanisms
%% [10] Time, Clocks and the Ordering of Events in a Distributed Systems.
%% [11] Cloud Computing vs. Grid Computing 
%% [12] The Anatomy of The Grid
%% [13] Cluster Computing - High Performance, High-Availability and High Throuhput Processing on a Network of Computers
%% [14] Cluster Computing: Architectures, Operating Systems, Parallel Processing & Programming Languages

@Article{cloud360compared,
	title    = {Cloud Computing and Grid Computing 360-Degree Compared},
	author   = {I. Foster AND Y. Zhao AND I. Raicu AND S. Lu},
	journal  = {Revista Brasileira de Administração Pública},
	keywords = {cloud computing; grid computing; computer science},
	month    = {Maio/Junho},
	number   = {3},
	year     = {2008}
}

@Article{favero2013,
	title    = {Motivos da Evasão Escolar nos Cursos de Ensino Superior de uma Faculdade na Cidade de {B}lumenau},
	author   = {J. D. Fávero AND A. L. Prim},
	journal  = {Revista Brasileira de Administração Pública},
	keywords = {IES; Evasão no Ensino Superior; Universidade},
	number   = {n. Especial Educação},
	pages    = {53-72},
	year     = {2013/2}
}

@book{constituicao,
 	author={Brasil},
  	title={Constituição (1988)},
  	series={Constituição da República Federativa do Brasil},	
	publisher = {Senado},
	address = {Brasília},
	year = {1988},
	note= {Disponível em: \url{http://www.planalto.gov.br/ccivil_03/constituicao/constituicao.htm}, acessado em 01 de outubro de 2014}
}

@site{unb_saa,
	author={{Universidade de Brasília}},
	title={{S}ecretaria de {A}dministração {A}cadêmica},
	note={Disponível em: \url{http://saa.unb.br/desligamento}, acessado em 24 de maio de 2015},
	year = {2013}
}


