@book{constituicao,
 	author={Brasil},
  	title={Constituição (1988)},
  	series={Constituição da República Federativa do Brasil},	
	publisher = {Senado},
	address = {Brasília},
	year = {1988},
	note= {Disponível em: \url{http://www.planalto.gov.br/ccivil_03/constituicao/constituicao.htm}, acessado em 01 de outubro de 2014}
}

@book{pnad2007,
 	author={IBGE - {I}nstituto {B}rasileiro de {G}eografia e {E}statística},
  	title={Aspectos Complementares da Educação de Jovens e Adultos e Educação Profissional 2007},
  	series={Pesquisa Nacional por Amostra de Domicilios},	
	publisher = {IBGE},
	address = {Rio de Janeiro},
	year = {2009},
	note={186 p}
}

@site{unb_saa,
	author={{Universidade de Brasília}},
	title={{S}ecretaria de {A}dministração {A}cadêmica},
	note={Disponível em: \url{http://saa.unb.br/desligamento}, acessado em 24 de maio de 2015},
	year = {2013}
}

@site{unb_cic,
	author={{Universidade de Brasília}},
	title={Ciência da Computação - {U}n{B} - {U}niversidade de {B}rasília},
	note={Disponível em: \url{http://www.unb.br/aluno_de_graduacao/cursos/ciencia_da_computacao}, acessado em 24 de maio de 2015},
	year = {2008}
}

@site{fluxo_cic,
	author={{Universidade de Brasília}},
	title={Listagem de Fluxo de Habilitação - Dados Completos (Ciência da Computação)},
	note={Disponível em: \url{https://condoc.unb.br/matriculaweb/graduacao/fluxo.aspx?cod=1856}, acessado em 24 de maio de 2015},
	year = {2015}
}

@book{duarte2013,
 	author={A. N. Duarte},
  	title={As disciplinas que mais retêm alunos em um curso de Computação},
	year={2013},
	publisher={Alexandre {N}óbrega Duarte. Professor e pesquisador do {C}entro de {I}nformática da {UFPB}},
  	note={Disponível em: \url{http://alexandre.ci.ufpb.br/retencao-cc-2/}, acessado em 4 de abril de 2015}
}

@book{mec_1997,
	author   = {{Ministério da Educação}},
	title    = {Diplomação, retenção e evasão nos cursos de graduação em instituições de ensino superior públicas},
	publisher = {Secretaria de Educação Superior},
	address = {Brasília},
	year     = {1997},
	note = {152 p}
}


@book{duarte2013_2,
 	author={A. N. Duarte},
  	title={O que está acontecendo com nossos alunos?},
	year={2013},
	publisher={Alexandre {N}óbrega Duarte. Professor e pesquisador do {C}entro de {I}nformática da {UFPB}},
  	note={Disponível em: \url{http://alexandre.ci.ufpb.br/retencao-cc/}, acessado em 4 de abril de 2015}
}

@book{pne,
 	author={Brasil. Ministério da Educação},
  	title={Plano Nacional de Educação},
	address={Brasília},
	year={2014},
  	note={Disponível em: \url{http://pne.mec.gov.br/?pagina=inicial}, acessado em 03 de setembro de 2014}
}



@book{brasscom,
 	author={{Brasscom}},
  	title={Índice Brasscom de Convergência Digital},
	address={São Paulo},
	year={2012},
	edition={6},
	note={103 p.},
 
}

@book{brasscom2,
 	author={{Brasscom}},
  	title={O Mercado de Profissionais de TI no Brasil},
	address={São Paulo},
	note={Disponível em: \url{http://http://www.brasscom.org.br/brasscom/Portugues/pdf/mercado_profissionais_ti_brasil.pdf}, acessado em 10 de março de 2015},
	year = {2011}
 
}

@site{portalg1,
	author    = {{Portal G1}},
	title     =  {Índice de evasão de alunos é maior na área de tecnologia da informação},
	year={2012},
	note = {Disponível em: \url{http://g1.globo.com/sp/sao-carlos-regiao/noticia/2012/09/indice-de-evasao-de-alunos-e-maior-na-area-de-tecnologia-da-informacao.html},  acessado em 09 de março de 2014},
}

@site{g1educacao,
	author    = {{Portal G1}},
	title     =  {País perde {R}\$ 9 bilhões com evasão no ensino superior, diz pesquisador},
	year={2011},
	note = {Disponível em: \url{http://g1.globo.com/educacao/noticia/2011/02/pais-perde-r-9-bilhoes-com-evasao-no-ensino-superior-diz-pesquisador.html},  acessado em 18 de abril de 2015},
}

@site{weka,
	author    = {{U}niversity of {W}aikato},
	title     =  {Weka 3: Data Mining Software in Java. University of Waikato},
	note = {Disponível em: \url{http://www.cs.waikato.ac.nz/ml/weka/index.html},  acessado em 31 de outubro de 2014},
	year = {2014}
}

@Article{cardoso_machado2008,
	title    = {Gestão do conhecimento usando data mining: estudo de caso na Universidade Federal de Lavras},
	author   = {O. N. P. Cardoso AND R. T. M. Machado},
	journal  = {Revista Brasileira de Administração Pública},
	keywords = {descoberta de conhecimento em bancos de dados; data mining; plataforma Lattes.},
	month    = {Maio/Junho},
	number   = {3},
	pages    = {495-528},
	volume   = {42},
	year     = {2008}
}

@Article{favero2013,
	title    = {Motivos da Evasão Escolar nos Cursos de Ensino Superior de uma Faculdade na Cidade de {B}lumenau},
	author   = {J. D. Fávero AND A. L. Prim},
	journal  = {Revista Brasileira de Administração Pública},
	keywords = {IES; Evasão no Ensino Superior; Universidade},
	number   = {n. Especial Educação},
	pages    = {53-72},
	year     = {2013/2}
}

@Article{macedo_matos2010,
	title    = {Extração de Conhecimento Através da Mineração de Dados},
	author   = {D. C. Macedo AND S. N. Matos},
	journal  = {Revista de Engenharia e Tecnologia},
	keywords = {Gestão do Conhecimento Organizacional, Mineração de Dados, extração de conhecimento},
	issn={2176-7270},
	month    = {Agosto},
	number   = {2},
	pages    = {22-30},
	volume   = {2},
	year     = {2010}
}


@Article{fayyad1996,
	title    = {From Data Mining to Knowledge Discovery in Databases},
	author   = {U. Fayyad AND G. Piatetsky-Shapiro AND P. Smyth},
	journal  = {American Association for Artificial Intelligence},
	issn={0738-4602},
	pages    = {37-54},
	year     = {1996},
	volume= {17},
	number= {3},
}

@Article{galvao_marin2009,
	title    = {Técnica de mineração de dados: uma revisão de literatura},
	author   = {N. D. Galvão AND H. F. Marin},
	journal  = {Acta Paul Enferm},
	number={22},
	pages    = {686-690},
	volume   = {5},
	year     = {2009}
}

@site{weka,
	author    = {Weka 3: Data Mining Software in Java},
	title     =  {University of Waikato},
	note = {Disponível em: \url{http://www.cs.waikato.ac.nz/ml/weka/index.html},  acessado em 31 de outubro de 2014},
}


@book{mining1,
	author    = {G. S. Linoff AND M. J. A. Berry},
	title     = {Data Mining Techniques: For Marketing, Sales, and Customer Relationship}, 
	publisher = {Wiley},
	address   = {Indianapolis},
	year      = {2011},
	note = {3 ed. 888p.}
}

@book{han_kamber2006,
	author    = {J. Han AND M. Kamber},
	title     = {Data Mining: Concepts and Techniques}, 
	publisher = {Elsevier},
	edition={2},
	address   = {San Francisco},
	year      = {2006},
	note = {743 p}
}

@book{siqueira2005,
	author    = {M. C. Siqueira},
	title     = {Gestão Estratégica da Informação}, 
	publisher = {Brasport},
	address   = {Rio de Janeiro},
	year      = {2005},
	note = {158 p.}
}


@book{analise1,
	author={A. L. Silvestre},
	title={Analise de Dados e Estatistica Descritiva},
	isbn={9789725922088},
 	publisher={Escolar Editora},
	year={2007},
 	note ={352 p.}
}

@article{carpenter91,
	author    = {Bob Carpenter},
	title     = {The Generative Power of {C}ategorial {G}rammars and {H}ead-{D}riven {P}hrase
	             {S}tructure {G}rammars with Lexical Rules},
	journal   = {Computational Linguistics},
	volume    = {17},
	number    = {3},
	year      = {1991},
	issn      = {0891-2017},
	pages     = {301--313},
	publisher = {MIT Press}
}

@book{laudon,
	author    = {K. C. Laudon AND J. P. Laudon},
	title     = {Gerenciamento de Sistemas de Informação. Tradução por Alexandre Oliveira}, 
	publisher = {LTC - Livros Técnicos e Científicos S.A},
	address   = {Rio de Janeiro},
	year      = {2003},
	edition = {3},
	note = {433 p}
}

@book{banco_dados,
	author    = {C. J. Date},
	title     = {Introdução a Sistemas de Banco de Dados/ C. J. Date: tradução de Daniel Vieira}, 
	publisher = {Elsevier},
	address   = {Rio de Janeiro},
	year      = {2003},
	note = {975 p. - 9ª reimpressão}
}


@book{stair2006,
  	title={Princípios de sistemas de informação: uma abordagem gerencial. Tradução de Flávio Soares Corrêa da Silva},
  	author={R.M. Stair AND G.W. Reynolds},
 	isbn={9788522104819},
  	year={2006},
	edition={6},
  	publisher={Pioneira Thomson},
	note ={Brochura | 642 p},

}


@book{analise2,
	author    = {M. Neves},
	title     = {Introdução à Estatítistica e à Probabilidade},
	publisher = {Instituto Superior de Agronomia},
	address   = {Universidade Técnica de Lisboa, Lisboa},
	year      =  {2008},
	note = {Disponível em: \url{http://www.isa.utl.pt/dm/estat/estat/seb1.pdf}, acessado em 02 de outubro de 2014}
}


@book{mcgee1994,
 	 title={Gerenciamento Estratégico da Informação},
 	 author={J.V. McGee AND L. Prusak},
 	 isbn={9788570019240},
  	series={Gerenciamento da informação},
  	url={http://books.google.com.br/books?id=WwHvCKH3hS0C},
 	 year={1994},
  	publisher={Elsevier Brasil}
}

@book{somasundaram2011,
 	 title={Armazenamento e Gerenciamento de Informações: Como armazenar, gerenciar e proteger informações digitais},
  	author={G. Somasundaram AND A. Shrivastava AND E. E. Services},
  	isbn={9788577807642},
   	year={2011},
 	 publisher={Bookman}
}

@book{sistemas_informacao1,
 	title={Sistemas de Informação},
  	author={P. Baltzan;  A. Phillips},
  	isbn={9788580550764},
   	year={2012},
  	publisher={McGraw Hill Brasil},
	note={384 p.}
}


@book{dantas2014,
  	title={Utilizando Mineração de Dados para Análise de gênero nos cursos de Computação na UnB},
  	author={M. A. N. A. Dantas AND G. C. Couto},
 	year={2014},
	publisher = {Departamento de Ciência da Computação. Universidade de Brasília},
	note={80 p. Monografia (Graduação)},
	address   = {Brasília}
}

@book{palmeira_santos2014,
  	title={Evasão no Bacharelado em Ciência da Computação da Universidade de Brasília: análise e mineração de dados},
  	author={L. B. Palmeira AND M. P. Santos},
 	year={2014},
	publisher = {Departamento de Ciência da Computação. Universidade de Brasília},
	note={126 p. Monografia (Graduação)},
	address   = {Brasília}
}

@book{rodrigues2013,
  	title={Estudo sobre a Evasão no Curso de Ciência da Computação da UFRGS},
  	author={F. S. Rodrigues},
 	year={2013},
	publisher = {Instituto de Informática. Universidade Federal do Rio Grande do Sul},
	note={86 p. Trabalho de Graduação. Disponível em \url{http://www.lume.ufrgs.br/bitstream/handle/10183/77275/000896280.pdf?sequence=1}, acessado em 13 de maio de 2015},
	address   = {Porto Alegre}
}

@book{jose_andreoli2011,
  	title={Projeto de Pesquisa A Evasão na UNIPAMPA: Diagnosticando Processos, Acompanhando Trajetórias e Itinerários de Formação},
  	author={A. R. José; G. S. Andreoli},
 	year={2011},
	month={Outubro}
	publisher = {Universidade Federal do Pampa},
	note={Disponível em \url{https://www.google.com.br/?gws_rd=ssl#safe=off&q=a+evas%C3%A3o+na+unipampa}, acessado em 31 de março de 2015}
}



@book{rissi_marcondes2013,
  	title={Reflexão sobre a reprovação, retenção e evasão na UEL: retenção em 2010, reprovação 2010 a 2012 e evasão 2003 a 2012 nos cursos de graduação},
  	author={M. C. Rissi AND M. A. S. Marcondes},
 	year={2013},
	publisher = {Marinalva Calabrez Rissi,
	Martha Ap. Santana Marcondes
	(Organizadoras). Universidade Estadual de Londrina},
	note={250 p. : il. Disponível em \url{http://www.uel.br/proplan/aval-institucional/Reflexao-Reprovacao-Evasao-na-UEL-Livro-05-12-2013.pdf}, acessado em 14 de abril de 2015},
	address   = {Londrina},
	isbn={978-85-7846-233-8}
}

@article{prietch_pazeto2010,
  	title={Estudo sobre a Evasão em um Curso de Licenciatura em Informática e Considerações para Melhorias},
  	author={S. S. Prietch AND T. A. Pazeto},
	journal={In:Workshop de Educação em Informática Bahia-Alagoas-Sergipe (WEIBASE)/ ERBASE},
	year={2010},
	address = {Maceió/AL},
 	note={Anais da 10a Escola Regional de Computação Bahia-Alagoas-Sergipe (ERBASE), 2010}	
 	
}


@book{miranda2012,
  	title={Mineração de Dados de Posição Geográfica e Compras},
  	author={E. B. Miranda},
 	year={2012},
	publisher = {Departamento de Ciência da Computação. Universidade de Brasília},
	note={265 p. Monografia (Graduação)},
	address   = {Brasília}
}

@book{gaioso2005,
  	title={O fenômeno da evasão escolar na educação superior no Brasil},
  	author={N. P. L. Gaioso},
 	year={2005},
	publisher = {Programa de Pós-Gradução em Educação da Universidade Católica de Brasília},
	note={75 f. Dissertação (Mestrado em Educação)},
	address   = {Brasília}

}

@book{carniel2013,
  	title={Aplicação de algoritmos de Mineração de Dados para Identificação de Fatores que Influenciam a Evasão de Alunos do Curso de Ciência da Computação da UNIVALI},
  	author={M. Carniel},
 	year={2013},
	publisher = {Centro de Ciências Tecnológicas da Terra e do Mar, Universidade do Vale do Itajaí},
	address   = {Itajaí},
	note ={137 p. Trabalho Técnico-Científico de Conclusão de Curso (Graduação em Ciência da Computação)}

}

@book{amorim2006,
  	title={Conceitos, técnicas, ferramentas e aplicações de Mineração de Dados para gerenciar conhecimento a partir de bases de dados},
  	author={T. Amorim},
 	year={2006},
	publisher = {Centro de Informática. Universidade Federal de Pernambuco},
	note={50 p.},
	address   = {Pernambuco}

}


@book{camiloedasilva,
	author= {C. O. Camilo AND J. C da Silva},
	title     = {Mineração de Dados: Conceitos, Tarefas, Métodos e Ferramentas},
	publisher = {Instituto de Informática. Universidade Federal de Goiás},
	year      = {2009},
	month    = {Agosto},
	note     = {28 p. Technical Report. Disponível em: \url{http://www.portal.inf.ufg.br/sites/default/files/uploads/relatorios-tecnicos/RT-INF_001-09.pdf}, acessado em 26 de novembro de 2014}
}

@book{witten2005,
	title={Data Mining: practical machine learning tools and techniques},
	author={I. H. Witten AND E. Frank AND M. C. Hall},
	year={2005},
	publisher={Elsevier},
	edition={2},
	address={San Francisco},
	isbn={0120884070},
	note={525 p}
}


@book{raposo2005,
	title={A Educação na Constituição Brasileira de 1988},
	author={G. R. Raposo},
	year={2002},
	address={Teresina},
	publisher={Jus Navigandi},
	note={v. 641, 641 p.}
}


@book{cortes2002,
	title={Mineração de Dados - Funcionalidades, Técnicas e Abordagens},
	author={S. S. Côrtes AND R. M. Porcaro AND S. Lifschitz},
	year={2002},
	publisher={PUC- Rio Inf. MCC10/02},
	month={maio}
	note={v. 641, 641 p}
}

@book{proposta_cic2007,
	title={Planejamento Estratégico 2007-2010},
	author={{D}epartamento {d}e {C}iência {d}a {C}omputação},
	year={2009},
	month={Novembro},
	note={34 p. Disponível em \url{http://www.cic.unb.br/extras/PE2009.pdf}}
}


@book{dias2010,
	author   = {E. C. M. Dias AND C. R. Theóphilo AND M. A. S. Lopes},
	title    = {{E}vasão no ensino superior: {E}studo dos fatores causadores da evasão no curso de ciências contábeis da {U}niversidade {E}stadual de {M}ontes {C}laros},
	note = {Disponível em \url{http://www.congressousp.fipecafi.org/web/artigos102010/419.pdf}, acessado em 30 de março de 2015},
	year     = {2010},
	publisher={7º {C}ongresso {USP} de {I}niciação {C}ientífica em {C}ontabilidade},
	address = {UniMontes - MG}
}

@article{tigrinho2008,
	author   = {L. M. V. Tigrinho},
	title    = {Evasão Escolar nas Instituições de Ensino Superior},
	year={2008},
	journal={Revista Gestao Universitaria na America Latina - GUAL},
	pages={01-14},
	volume={ v. 173}
}

@Article{silvafilho2007,
	author   = {R. L. L. {S}ilva {F}ilho AND P. R. Motejunas AND O. Hipólito AND M. B. C. M. Lobo },
	title    = {A {E}vasão no {E}nsino {S}uperior {B}rasileiro},
	year={2007},
	month={set./dez.},
	journal={Cadernos de Pesquisa},
	pages={641-659},
	number={132},
	volume={37},
}

@Article{braga2003,
	author   = {M. M. Braga AND M. C. L. Peixoto AND T. F. Bogutchi},
	title    = {A Evasão no Ensino Superior Brasileiro: o Caso da {UFMG} },
	year     = {2003},
	journal = {Avaliação, Campinas},
	volume={8},
	pages={161-189},
	number={3}
}

@article{baggi_lopes2010,
	author   = {D. A. Lopes AND C. S. A. Baggi},
	title    = {Evasão e {A}valiação {I}nstitucional no {E}nsino {S}uperior: {U}ma {D}iscussão {B}ibliográfica},
	year     = {2011},
	journal = {Avaliação, Campinas},
	address = {Sorocaba},
	volume={16},
	pages={355-374},
	number={2},
	month={Julho}
}


@article{bueno1993,
	author   = {J. L. O. Bueno},
	title    = {A {E}vasão de {A}lunos},
	publisher ={FCLRP - USP},
	journal={Paideia},
	address = {Ribeirão {P}reto},
	month={Agosto},
	pages = {09-16},
	number = {5},
	year  = {1993},
}

@article{lobo2011,
	author   = {M. B. D. C. Lobo},
	title    = {Panorama da {E}vasão do {E}nsino {S}uperior {Brasileiro}: {A}spectos {G}erais das {C}ausas e {S}oluções},
	publisher ={Instituto Lobo/Lobo \& Associados Consultoria},
	year     = {2011},
	pages ={01-23},
	note = {Disponível em: \url{http://www.institutolobo.org.br/imagens/pdf/artigos/art_087.pdf}, acessado em 17 de abril de 2015}
}

@article{caraciolo,
	author = {M. P. Caraciolo},
	title = {Introdução a {Á}rvores de {D}ecisão para {C}lassificação e {M}ineração de {D}ados},
	year = {2009},
	month = {Abril},
	note = {Disponível em: \url{http://aimotion.blogspot.com.br/2009/04/artigo-introducao-arvores-de-decisao.html}, acessado em 19 de abril de 2015}
}

@article{coelho,
	author    = {R. A. Coelho; R. C. Leite},
	title     = {Árvores de {D}ecisão},
	publisher ={FATEC-SP/APS - Inteligência Artificial},
	year      = {2014},
	note    = {Disponível em: {http://www.ime.usp.br/~slago/sia-ad.pdf}, acessado em 18 de abril de 2015},
	pages = {01-03}
}

@book{thome,
	author    = {A. C. G. Thomé},
	title     = {Redes Neurais - Uma Ferramenta para KDD e Data Mining},
	note      = {50 p. Disponível em: \url{http://equipe.nce.ufrj.br/thome/grad/nn/mat_didatico/apostila_kdd_mbi.pdf}, acessado em 18 de abril de 2015}
	
}

@site{macedo,
	author    = {D. Macedo},
	title     = {Introdução ao Data Mining (Mineração de Dados)},
	year      = {2011},
	note     = {Disponível em: {http://www.diegomacedo.com.br/introducao-ao-data-mining-mineracao-de-dados/}, acessado em 10 de abril de 2015},	
}

@Article{ristoff1997,
	author   = {D. I. Ristoff},
	title    = {{E}xclusão ou {M}obilidade},
	journal ={ANCapital},
	address = {Florianópolis},
	month={Junho},
	pages = {03-03},
	year     = {1997},
}

@book{russo2010,
	title={Fundamentos de Biblioteconomia e Ciência da Informação},
	author={M. Russo},
	isbn={9788576502623},
	series={Biblioteconomia e gestão de unidades de informação. Série Didáticos},
	year={2010},
	publisher={e-papers},
	note={177 p.}
}

@article{wada2012,
	author = {S. Wada},
	title= {Os benefícios da gestão do conhecimento para as organizações},
	year = {2012},
	note = {Disponível em: \url{http://www.administradores.com.br/noticias/negocios/os-beneficios-da-gestao-do-conhecimento-para-as-organizacoes/52675}, acessado em 12 de maio de 2015.}
}

@article{tutorial_weka,
	author = {E. C. Gonçalves},
	title= {Mineração de dados no {M}y{SQL} com a ferramenta {W}eka},
	year = {2012},
	note = {Disponível em: \url{http://www.devmedia.com.br/mineracao-de-dados-no-mysql-com-a-ferramenta-weka/26360}, acessado em 22 de abril de 2015.}
}

@site{unb1,
	author={{Universidade {de} {B}rasília}},
	title={Pesquisa revela índice de evasão nos cursos da {U}n{B}},
	note={Disponível em: \url{http://www.unb.br/noticias/unbagencia/unbagencia.php?id=6096}, acessado em 21 de junho de 2015},
	year = {2011}
}

@site{unb2,
	author={{Universidade de {B}rasília}},
	title={Evasão ainda desafia a {U}n{B}},
	note={Disponível em: \url{http://unb.br/noticias/unbagencia/cpmod.php?id=93067}, acessado em 21 de junho de 2015},
	year = {2012}
}

@book{censo_2009,
		author={{M}inistério da {E}duação},
		title={Resumo {T}écnico {C}enso da {E}ducação {S}uperior de 2009},
		year={2010},
		address={Brasília},
		pages={34},
		publisher = {INEP},
		note={Disponível em \url{http://download.inep.gov.br/download/superior/censo/2009/resumo_tecnico_2009.pdf}, acessado em 12 de março de 2015.}
		
		}

@article{censo2013reportagem,
	author = {D. Weber AND L. Vieira },
	title= {Censo do ensino superior mostra queda no número de formandos em faculdades brasileiras},
	year = {2014},
	note = {Disponível em: \url{http://oglobo.globo.com/sociedade/educacao/censo-do-ensino-superior-mostra-queda-no-numero-de-formandos-em-faculdades-brasileiras-13879540}, acessado em 25 de maio de 2015.}
}


@site{censo_site,
	author = {Censo da Educação Superior},
	title= {Matrículas no ensino superior crescem 3,8%},
	year = {2014},
	note = {Disponível em: \url{http://portal.inep.gov.br/visualizar/-/asset_publisher/6AhJ/content/matriculas-no-ensino-superior-crescem-3-8}, acessado em 25 de julho de 2015.}
}

@article{coelho_leite,
	author    = {R. A. Coelho AND R. C. Leite},
	title     = {{Á}rvores de {D}ecisão},
	publisher ={FATEC-SP},
	year      = {2014},
	note    = {Disponível em: {http://www.ime.usp.br/~slago/sia-ad.pdf}, acessado em 18 de abril de 2015},
	pages = {3},
}

@article{correa2007,
	author={E. C. Gonçalves},
	title={{E}xtração de {Á}rvores de {D}ecisão com a {F}erramenta de {D}ata {M}ining {W}eka},
	publisher={DevMedia},
	year={2007},
	note={Disponível em \url{(http://www.devmedia.com.br/extracao-de-arvores-de-decisao-com-a-ferramenta-de-data-mining-weka/3388)}, acessado em 15 de agosto de 2015.}
}

@article{rajput_arora,
	author={S. Rajput AND A. Arora},
	title={{D}esigning {S}pam {M}odel- {C}lassification {A}nalysis {u}sing {D}ecision {T}rees},
	volume={75},
	number={10},
	month={August},
	year={2013},
	publisher={International Journal of Computer Applications},
	pages={06-12},
	note={Disponível em \url{http://research.ijcaonline.org/volume75/number10/pxc3890549.pdf}, acessado em 10 de agosto de 2015},
	}

@article{wisaeng,
	author={K. Wisaeng},
	title={A {C}omparison of {D}ifferent {C}lassification {T}echniques for {B}ank {D}irect {M}arketing},
	year={2013},
	month={September},
	publisher={International Journal of Soft Computing and Engineering (IJSCE)},
	volume={3},
	note={Disponível em \url{http://www.ijsce.org/attachments/File/v3i4/D1789093413.pdf}, acessado em 14 de agosto de 2015}
	pages={116-119},
}

@book{zampirolli2014,
	title={Sistemas inteligentes e mineração de dados},
	author={J. A. Quilici-{G}onzalez AND F. A. Zampirolli},
	publisher={Triunfal Gráfica e Editora},
	address={Santo André},
	year={2014},
	note = {148 p. il},
	}
	
@article{carrier2004,
	title={Introduction to the {S}pecial {I}ssue on {M}eta-{L}earning},
	author={C. {G}iraud-{C}arrier AND R. Vilauta AND P. Bradzil},
	year={2004},
	number={3},
	pages={187-193},
	volume={54},
	issue={3},
	journal={Machine {L}earning},
	publisher={Kluwer {A}cademic {P}ublishers-{P}lenum {P}ublishers}
	note={Disponível em \url{http://link.springer.com/article/10.1023%2FB%3AMACH.0000015878.60765.42}, acessado em 17 de agosto de 2015}
	}

@book{bezerra2015,
	title={Data mining : conceitos, técnicas, algoritmos, orientações e aplicações},
	author={R. Goldschmidt AND E. Bezerra AND E. Passos},
	isbn={9788535278231},
	year={2015},
	address={Rio de Janeiro},
	publisher={Elsevier Brasil},
	note={1088 p.}
}

@book{souza2010,
	title={Meta Aprendizado para Seleção Automática de Modelos de Séries Temporais},
	author={R. M. Souza},
	year = {2010},
	publisher = {Centro de Informática. Universidade Federal de Pernambuco},
	note={58 f. Dissertação (Mestrado)},
	address   = {Recife}
	}


@book{ferrari2014,
	title={Seleção de Algoritmos para a Tarefa de Agrupamento de Dados: Uma Abordagem via Meta-Aprendizagem},
	author={D. G. Ferrari},
	year = {2014},
	publisher = {Program de {P}ós-{G}raduação em {E}ngenharia {E}létrica. {U}niversidade {P}resbiteriana {M}ackenzie},
	note={203 f. Tese (Pós-Graduação)},
	address   = {São Paulo}
}

@site{simas2012,
	title={As graduações campeãs de desistência},
	author={A. Simas},
	year={2012},
	note={Disponível em \url{http://www.gazetadopovo.com.br/educacao/vida-na-universidade/ufpr/as-graduacoes-campeas-de-desistencia-26khijqty1gurtas1veawhyz2}, acessado em 17 de maio de 2015}
	}
	
@book{censo2013,
	title={Censo da Educação Superior de 2013},
	author={{I}nstituto {N}acional {de} {Estudos} {e} {P}esquisas {E}ducacionais {A}nísio {T}eixeira},
	publisher={Ministério da Educação},
	year={2013},
	note ={Disponível em \url{http://download.inep.gov.br/educacao_superior/censo_superior/apresentacao/2014/coletiva_censo_superior_2013.pdf}, acessado em 10 de agosto de 2015}
	}
	
@book{censo2012,
	title={Censo da Educação Superior de 2012},
	author={{I}nstituto {N}acional {de} {Estudos} {e} {P}esquisas {E}ducacionais {A}nísio {T}eixeira},
	publisher={Ministério da Educação},
	year={2013},
	note ={Disponível em \url{http://download.inep.gov.br/educacao_basica/censo_escolar/resumos_tecnicos/apresentacao_coletiva_censo_superior_2012.pdf}, acessado em 13 de agosto de 2015}
}